@book{simon2013oxford,
  title={The Oxford Solid State Basics},
  author={Simon, S.H.},
  isbn={9780199680764},
  lccn={2013936358},
  url={https://books.google.es/books?id=QI8jLeTOBAsC},
  year={2013},
  publisher={OUP Oxford}
}
@phdthesis{braggFigure,
author = {Piñas, Joshua},
year = {2018},
month = {02},
pages = {},
title = {Estudio de las Propiedades Térmicas, Mecánicas, Morfológicas y Estructurales del Adobe como Material Biocompósito},
doi = {10.13140/RG.2.2.34293.59362}
}
@article{difArticle,
author = {Ahmad, Khalil and Kakakhel, Muhammad and Hayat, Sikander and Wazir Ud Din, Mirza and Mahmood, Muhammad Masood and Rehman, Shakeel and Mirza, Sikander and Siddique, Muhammad},
year = {2021},
month = {05},
pages = {},
title = {Thermoluminescence study of pellets prepared using NaCl from Khewra Salt Mines in Pakistan},
volume = {60},
journal = {Radiation and Environmental Biophysics},
doi = {10.1007/s00411-021-00894-x}
}
@article{fccPlanes,
author = {Tserkezis, Christos and Stefanou, Nikolaos and Gkantzounis, G. and Papanikolaou, N.},
year = {2011},
month = {09},
pages = {115455},
title = {Photonic surface states in plasmonic crystals of metallic nanoshells},
volume = {84},
journal = {Physical Review B},
doi = {10.1103/PhysRevB.84.115455}
}
@book{noauthororeditor2007handbook,
  asin = {0849304881},
  author = {{CRC Handbook}},
  biburl = {https://www.bibsonomy.org/bibtex/25ff8f541915536461697300e8727f265/riche.ma},
  description = {Amazon.com: CRC Handbook of Chemistry and Physics, 88th Edition (9780849304880): David R. Lide: Books},
  dewey = {530},
  ean = {9780849304880},
  edition = {88},
  interhash = {da6394e1a9c5f450ed705c32ec82bb08},
  intrahash = {5ff8f541915536461697300e8727f265},
  isbn = {0849304881},
  keywords = {crc_handbook},
  publisher = {CRC Press},
  timestamp = {2011-04-14T19:29:37.000+0200},
  title = {CRC Handbook of Chemistry and Physics, 88th Edition},
  url = {http://www.amazon.com/CRC-Handbook-Chemistry-Physics-88th/dp/0849304881/ref=sr_1_5?ie=UTF8&qid=1302802093&sr=8-5},
  year = {2007}
}
@article{PhysRevLett.21.1388,
  title = {Experimental Determination of the Effective Atomic-Scattering Factor and Rigid-Lattice Interference Function in Low-Energy Electron Diffraction},
  author = {Legally, Max G. and Webb, Maurice B.},
  journal = {Phys. Rev. Lett.},
  volume = {21},
  issue = {19},
  pages = {1388--1391},
  numpages = {0},
  year = {1968},
  month = {Nov},
  publisher = {American Physical Society},
  doi = {10.1103/PhysRevLett.21.1388},
  url = {https://link.aps.org/doi/10.1103/PhysRevLett.21.1388}
}
@article{PhysRevB.44.9248,
  title = {Determination of atomic form factors by means of coherent bremsstrahlung},
  author = {Tobiyama, M. and Endo, I. and Monaka, T. and Sumi, Y. and Uchida, H. and Yamamoto, N. and Yoshida, K. and Watanabe, K. and Ohba, T. and Baba, K. and Emura, T.},
  journal = {Phys. Rev. B},
  volume = {44},
  issue = {17},
  pages = {9248--9258},
  numpages = {0},
  year = {1991},
  month = {Nov},
  publisher = {American Physical Society},
  doi = {10.1103/PhysRevB.44.9248},
  url = {https://link.aps.org/doi/10.1103/PhysRevB.44.9248}
}
